
@Unpublished{AMW,
 author = 	 {Barr, M. and  André, J. and  Louarn, Ph.},
 title = 	 {Notes en bas de pages: Comment les faire en \LaTeX},
 note ={Preprint, {\tt math.SG/0005047}}
}

@Article{B1,
  author = 	 {Becarri, Claudio}, 
 title = 	 {New Greek fonts  and the \texttt{greek} option of the \textsf{babel} package},  
journal = {Bull. Soc. Math. France},
volume = {119},
      year = {1991},
    number = {3},
     pages = {259--291}
}

@inproceedings{B2,
 author = 	 {Beebe, A.}, 
 title = 	 {Bibliography prettyprinting and syntax checking},
BOOKTITLE = {Proceedings of the Hirzebruch 65 Conference on Algebraic
              Geometry (Ramat Gan, 1993)},
    SERIES = {Israel Math. Conf. Proc.},
    VOLUME = {9},
YEAR = {1996},
PAGES = {75--96}
}


@unpublished{B3,
 author = 	 {Beebe, N.},
  title = 	 {Mathematical symbols and Cyrillic fonts ready for distribution},
note ={Preprint, {\tt math.AG/0502179}, Proc. of the conf. {"}Moduli spaces and arithmetic geometry{"}\linebreak  (Kyoto, 2004). Advanced studies in pure math, to appear}
}

@Article{BLS,
 author = 	 {Beebe, N. and Beeton, B. and  Bennet, Franck}, 
 title = 	 {User's {G}uide to the  {$G$}-bundles  citator},
JOURNAL = {Compositio Math.},
    VOLUME = {112},
      YEAR = {1998},
    NUMBER = {2},
     PAGES = {183--216}
}

@Article{BNR,
 author = 	 {Beebe, N. and  Berdnikov, A. and Lapko, O.}, 
 title = 	 {Cyrillic encodings for \LaTeX2$\epsilon$ multi-language documents}, 
JOURNAL = {J. Reine Angew. Math.},
    VOLUME = {398},
      YEAR = {1989},
     PAGES = {169--179}
}

@Book{Bo,
 author = 	 {Berry, K.}, 
 title = 	 {Filenames for fonts},
PUBLISHER = {Hermann},
   ADDRESS = {Paris},
      YEAR = {1968}
}

@Article{D-N,
 author = 	 {Bezos, J. and Borceux, {M.S.}}, 
 title = 	 {De la construction de diagrammes},
journal ={Invent. Math.}, 
 VOLUME = {97},
      YEAR = {1989},
    NUMBER = {1},
     PAGES = {53--94}
}

@Article{D,
 author = 	 {Bouche, T.}, 
 title = 	 {Diversity in math fonts},
journal ={Amer. Math. Soc. Translations (II)}, 
VOLUME = {6},
YEAR = {1957}, 
PAGES = {111--244}
}

@Article{K-N,
 author = 	 {Braams, S. and Bradley, M.S.}, 
 title = 	 {Babel, a multilingual style-option system for use with \LaTeX's standard document styles}, 
journal =   {Math. Ann.}, 
VOLUME =  {308}, 
YEAR = {1997},
  NUMBER = {1}, 
PAGES = {155--173}
}

@Article{L,
 author = 	 {Breitenlohner, Y.}, 
 title = 	 {The e\TeX manual (version 2)},
journal =   {Math. Ann.}, 
VOLUME =  {299},
YEAR= {1994}, 
 NUMBER = {4}, 
PAGES = {597--608}
}

@Article{L-S,
 author = 	 {Bringhurst, Y. and Butcher, C.},
 title = 	 {Copy-editing: the Cambridge handbook for editors, authors and publishers},
JOURNAL = {Ann. Sci. École Norm. Sup. (4)},
    VOLUME = {30},
      YEAR = {1997},
    NUMBER = {4},
     PAGES = {499--525}
}

@Article{M1,
 author = 	 {Carlisle, D.},
  title = 	 {A \LaTeX\ tour, Part 1 : The basic distribution},
JOURNAL = {Invent. Math. },
VOLUME = {1}, 
YEAR = {1966}, 
PAGES = {287--354} 
}

@incollection {M2,
 author = 	 {Carlisle, D.}, 
 title = 	 {A \LaTeX\ tour, Part 2: The tools and graphics  distributions},
BOOKTITLE = {Questions on Algebraic Varieties (C.I.M.E., III Ciclo,
              Varenna, 1969) },
     PAGES = {29--100},
 PUBLISHER = {Edizioni Cremonese},
   ADDRESS = {Rome},
      YEAR = {1970}
}

@Article{O-W,
 author = 	 {Ion, P. and Miner, R.}, 
 title = 	 {Mathematical Markup Language (MathML) Version 2.0}, 
JOURNAL = {Trans. Amer. Math. Soc.},
      VOLUME = {348},
      YEAR = {1996},
    NUMBER = {7},
     PAGES = {2689--2710}
}

@Article{R,
 author = 	 {Poppelier, N.}, 
 title = 	 {Index preparation and processing},
  JOURNAL = {Proc. Indian Acad. Sci. Math. Sci.},
  FJOURNAL = {Indian Academy of Sciences. Proceedings. Mathematical
              Sciences},
    VOLUME = {90},
      YEAR = {1981},
    NUMBER = {2},
     PAGES = {151--166}
}

@Article{Se,
 author = 	 {Rolland, J.-P.}, 
 title = 	 {\LaTeX\ par la pratique}, 
JOURNAL = {C. R. Acad. Sci. Paris Sér. I Math.},
      VOLUME = {311},
      YEAR = {1990},
    NUMBER = {9},
     PAGES = {547--552}
}

@Article{S,
 author = 	 {Clark, A.}, 
 title = 	 {Practical halftoning with \TeX},
JOURNAL = {Ann. Sci.  École Norm. Sup. (4)},
    VOLUME = {32},
      YEAR = {1999},
    NUMBER = {1},
     PAGES = {127--133}
}