% -*- coding: utf-8 -*-


@Article{Ba03,
  author =	 {Barnes, E. W.},
  title =	 {On the Ã©xpression of {E}uler's constant as a
                  definite integral},
  journal =	 {Messenger of Math.},
  year =	 1903,
  volume =	 33,
  pages =	 {59--61}
}


@Article{BPY01,
  author =	 {P. Biane and J. Pitman and M. Yor},
  title =	 {Probability laws related to the {J}acobi $\theta$ and
                  {R}iemann $\zeta$ functions, and {B}rownian excursions},
  journal =	 {Bull. Amer. Math. Soc.},
  year =	 2001,
  volume =	 38,
  pages =	 {435--465}
}


@Article{Bo99,
  author =	 {E. Bombieri},
  title =	 {Remarks on {W}eil's quadratic functional in the
                  theory of prime numbers~{I}},
  journal =	 {Rend. Mat. Acc. Lincei, Ser.~IX},
  year =	 2000,
  volume =	 11,
  pages =	 {183--233}
}

