

@Article{louarn88,
  author = 	 {Philippe Louarn},
  title = 	 {Une exp\'erience d'utilisation de {LaTeX} : le {R}apport d'activit\'e de {l'INRIA}},
  journal = 	 {Cahiers Gutenberg},
  year = 	 {1988},
  number = 	 {0},
  pages = 	 {17-24},
  month = 	 {apr},
  OPTnote = 	 {},
  annote = 	 {http://www.gutenberg.eu.org/publications/cahiers/25-cahiers0.html}
}

@InProceedings{place99,
  author = 	 {Yannis Haralambous and John Place},
  title = 	 {Produire du {MathML} et autres {...ML} \`a partir {d'$\Omega$} :
  {$\Omega$} se g\'en\'eralise},
  booktitle = 	 {Cahiers Gutenberg},
  OPTcrossref =  {},
  OPTkey = 	 {},
  pages = 	 {173-182},
  year = 	 {1999},
  OPTeditor = 	 {},
  number = 	 {33-34},
  OPTseries = 	 {},
  OPTaddress = 	 {},
  OPTmonth = 	 {},
  OPTorganization = {},
  OPTpublisher = {},
  OPTnote = 	 {},
  OPTannote = 	 {}
}

@InProceedings{CGR2000,
  author =       {David Carlisle and Michel Goossens and Sebastian Rahtz},
  title =        {De {XML} \`a {PDF} avec {\ttfamily xmltex} et {Passive\TeX}},
  booktitle =    {Cahiers Gutenberg},
  OPTcrossref =  {},
  OPTkey =       {},
  pages =        {79-114},
  year =         {2000},
  OPTeditor =    {},
  OPTvolume =    {},
  number =       {35-36},
  OPTseries =    {},
  OPTaddress =   {},
  OPTmonth =     {},
  OPTorganization = {},
  OPTpublisher = {},
  OPTnote =      {},
  OPTannote =    {}
}


@Book{docbook,
  author = 	 {Norman Walsh and Leonard Muelner},
  ALTeditor = 	 {},
  title = 	 {Docbook. The Definite Guide},
  publisher = 	 {O'Reilly \& Associates, Inc},
  year = 	 {1999},
  OPTkey = 	 {},
  OPTvolume = 	 {},
  OPTnumber = 	 {},
  OPTseries = 	 {},
  OPTaddress = 	 {},
  OPTedition = 	 {},
  OPTmonth = 	 {},
  OPTnote = 	 {},
  OPTannote = 	 {}
}


@Misc{mathml2,
  OPTkey = 	 {},
  author = 	 {David Carlisle and 
                Patrick Ion and
                Robert Miner and
                Nico {Poppelier (editors)}},
  title = 	 {Mathematical {M}arkup {L}anguage {(MathML) Version 2.0}},
  url = {http://www.w3.org/TR/MathML2/},
  OPTmonth = 	 {},
  year = 	 {2001},
  OPTnote = 	 {},
  OPTannote = 	 {}
}

@Misc{xml,
 author={W3C},
  title = {{Extensible Markup Language (XML) 1.0 (Third Edition)}},
  howpublished= {http://www.w3.org/TR/REC-xml/},
  year = {1998},
 note = {Third edition published in 2004}
}

@Misc{xml11,
 author={W3C},
  title = {{Extensible Markup Language (XML) 1.1}},
  howpublished= {http://www.w3.org/TR/xml11/},
  year=2004
}

%%  http://www.w3.org/TR/REC-MathML/
@Misc{Passive-tex,
  key = 	 {},
  author = 	 {Sebastian Rahtz},
  title = 	 {Passive {\TeX}},
  howpublished = {http://www.tei-c.org.uk/Software/passivetex/},
  OPTmonth = 	 {},
  year = 	 {2003},
  OPTnote = 	 {},
  OPTannote = 	 {}
}

@Book{texbook,
  author =       {Donald E. Knuth},
  ALTeditor =    {},
  title =        {The \TeX book},
  publisher =    {Addison Wesley},
  year =         {1984},
  edition =      {},
}

@Book{unicode,
  author =       {{The Unicode Consortium}},
  ALTeditor =    {},
  title =        {{The Unicode Standard, version 3.0}},
  publisher =    {Addison Wesley},
  year =         {2000},
  edition =      {},
}

@Book{unicode4,
  author =       {{The Unicode Consortium}},
  ALTeditor =    {},
  title =        {{The Unicode Standard, version 4.0}},
  publisher =    {Addison Wesley},
  year =         {2003},
  edition =      {},
}


@Book{companion,
  author =       {Michel Goossens and Frank Mittelbach and Alexander Samarin},
  ALTeditor =    {},
  title =        {The {\LaTeX} companion},
  publisher =    {Addison Wesley},
  year =         {1993},
  OPTkey =       {},
  OPTvolume =    {},
  OPTnumber =    {},
  OPTseries =    {},
  OPTaddress =   {},
  OPTedition =   {},
  OPTmonth =     {},
  OPTnote =      {},
  OPTannote =    {}
}

@Book{companion2,
  author =       {Frank Mittelbach and Michel Goossens and Johannes Braams 
 and David Carlisle and Chris Rowley },
  ALTeditor =    {},
  title =        {The {\LaTeX} companion, second edition},
  publisher =    {Addison Wesley},
  year =         {2004},
  OPTkey =       {},
  OPTvolume =    {},
  OPTnumber =    {},
  OPTseries =    {},
  OPTaddress =   {},
  OPTmonth =     {},
  OPTnote =      {},
  OPTannote =    {}
}
@TechReport{RT-ra2002,
  author =       {Jos\'e Grimm},
  title =        {Outils pour la manipulation du rapport d'activit\'e},
  institution =  {Inria},
  year =         2002,
  Ttype =        {Rapport technique},
  number =       {RT-0265},
  url =          {http://www.inria.fr/rrrt/rt-0265.html}
}

@Article{xmltex,
  author = 	 {David Carlisle},
  title = 	 {{XMLTEX}: A non validating (and not 100\% conforming)
  namespace aware {XML} parser implemented in {\TeX}},
  journal = 	 {TUGboat},
  year = 	 {2000},
  OPTkey = 	 {},
  volume = 	 {21},
  number = 	 {3},
  pages = 	 {193-199},
  OPTmonth = 	 {},
  OPTnote = 	 {},
  OPTannote = 	 {}
}

@Book{mKay,
  author = 	 {Michael Kay},
  ALTeditor = 	 {},
  title = 	 {{XSLT, Programmer's Reference}},
  publisher = 	 {Wrox Press Ltd},
  year = 	 {2001},
  OPTkey = 	 {},
  OPTvolume = 	 {},
  OPTnumber = 	 {},
  OPTseries = 	 {},
  OPTaddress = 	 {},
  edition = 	 {2nd},
  OPTmonth = 	 {},
  OPTnote = 	 {},
  OPTannote = 	 {}
}
@Book{mKay2,
  author = 	 {Michael Kay},
  ALTeditor = 	 {},
  title = 	 {{XSLT 2.0, Programmer's Reference}},
  publisher = 	 {Wrox Press Ltd},
  year = 	 {2004},
  OPTkey = 	 {},
  OPTvolume = 	 {},
  OPTnumber = 	 {},
  OPTseries = 	 {},
  OPTaddress = 	 {},
  edition = 	 {3rd},
  OPTmonth = 	 {},
  OPTnote = 	 {},
  OPTannote = 	 {}
}

@Article{xml-fr,
  author = 	 {{Consortium WWW}},
  title = 	 {La sp\'ecification XML},
  journal = 	 {Cahier Gutenberg},
  year = 	 {1999},
  OPTkey = 	 {},
  OPTvolume = 	 {},
  number = 	 {33-34},
  OPTpages = 	 {},
  OPTmonth = 	 {},
  note = 	 {This is a French translation of the specifications, http://www.w3.org/TR/1998/REC-xml-19980210},
  OPTannote = 	 {}
}

@Misc{xml-namespace,
  OPTkey = 	 {},
  author = 	 {{Web consortium}},
  title = 	 {Namespaces in {XML}},
  howpublished = {http://www.w3.org/TR/1999/REC-xml-names-19990114},
  OPTmonth = 	 {},
  year = 	 {1999},
  OPTnote = 	 {},
  OPTannote = 	 {}
}

@Misc{xsl-web,
  OPTkey = 	 {},
  author = 	 {Adler and Berglund and  Caruso and 
 Deach and  Graham and Grosso and Gutentag  and Milowski and
 Parnell  and  Richman  and  Zilles},
  title = 	 {{Extensible Stylesheet Language (XSL)
Version 1.0}},
  howpublished = {http://www.w3.org/TR/2001/REC-xsl-20011015/},
  OPTmonth = 	 {},
  year = 	 {2001},
  OPTnote = 	 {},
  OPTannote = 	 {}
}

    
@techreport{FABIANSKA:2007:INRIA-00131035:2,
	  author={Fabia\'nska, Anna and Quadrat, Alban},
      title={Applications of the Quillen-Suslin theorem to multidimensional systems theory},
	  type={Rapport de recherche INRIA},
	  year={2007},
	month={},
      number={RR-6126},
      pages={96},
      url={http://hal.inria.fr/inria-00131035/en/},
      institution={},
	  }
	
@TechReport{Tralics1,
  author =      {Jos\'e Grimm},
  title =       {Tralics, a {\LaTeX} to {XML} translator, {P}art {I}},
  institution =  {Inria},
  year =        {2006},
  OPTkey =      {},
  type =        {Rapport Technique},
  number =      {309},
  url = {http://hal.inria.fr/inria-00000198}
}

@TechReport{Tralics2,
  author =      {Jos\'e Grimm},
  title =       {Tralics, a {\LaTeX} to {XML} translator, {P}art {II}},
  institution =  {Inria},
  year =        {2006},
  OPTkey =      {},
  type =        {Rapport Technique},
  number =      {310},
  url = {http://hal.inria.fr/inria-00069870}
}
@TechReport{Tralics3,
  author =      {Jos\'e Grimm},
  title =       {Producing {MathML} with {Tralics}},
  institution =  {Inria},
  year =        {2007},
  OPTkey =      {},
  type =        {Rapport de Recherche},
  number =      {6181},
  url = {http://hal.inria.fr/inria-00144566}
}
@Article{Bouche,
  author = 	 {Thierry Bouche},
  title = 	 {A pdflatex-based automated journal production system},
  journal = 	 {TUGboat},
  year = 	 {2006},
  OPTkey = 	 {},
  volume = 	 {27},
  number = 	 {1}
,
  OPTpages = 	 {},
  OPTmonth = 	 {},
  OPTnote = 	 {},
  OPTannote = 	 {}
}

@techreport{Tralics4,
title={Converting {LaTeX} to {MathML}: the {Tralics} algorithms},
author={Grimm, Jos\'e},
type={Research Report},
institution={INRIA},
number={6373},
year={2007},
URL={http://hal.inria.fr/inria-00192610/en/},
}

